@inproceedings{ACMFAccT2024,
  author = {{Association for Computing Machinery Conference on Fairness, Accountability, and Transparency}},
  year = {2024},
  title = {Proceedings of the 2024 ACM Conference on Fairness, Accountability, and Transparency},
  publisher = {ACM},
  address = {New York}
}

@online{ACM2024,
  author = {{Association for Computing Machinery}},
  year = {2024},
  title = {ACM Code of Ethics and Professional Conduct},
  url = {https://www.acm.org/binaries/content/assets/about/acm-code-of-ethics-and-professional-conduct.pdf},
  urldate = {2024-10-04}
}

@online{AIEthicsBoard2024,
  author = {{AI Ethics Board Best Practices}},
  year = {2024},
  title = {Guidelines for establishing and managing AI ethics boards},
  url = {https://www.aiethicsboard.org/best-practices},
  urldate = {2024-04-10}
}

@online{AIEthicsGuidelines2024,
  author = {{AI Ethics Guidelines for Education}},
  year = {2024},
  title = {Best practices for implementing AI in educational settings},
  url = {https://www.aieducationethics.org/guidelines},
  urldate = {2024-04-10}
}

@book{AnastasiouSchaler2023,
  author = {Anastasiou, D. and Schäler, R.},
  year = {2023},
  title = {Translating Vital Information: Localisation, Internationalisation, and Globalisation},
  publisher = {Routledge}
}

@article{Annus2023,
  author = {Annus, N.},
  year = {2023},
  title = {Chatbots in Education – the impact of Artificial Intelligence based ChatGPT on Teachers and Students},
  journal = {International Journal of Advanced Natural Sciences and Engineering Researches},
  volume = {7},
  number = {4},
  pages = {366-370}
}

@online{APA2024,
  author = {{American Psychological Association}},
  year = {2024},
  title = {Guidelines for the practice of telepsychology},
  url = {https://www.apa.org/practice/guidelines/telepsychology},
  urldate = {2024-04-10}
}

@article{Arrieta2022,
  author = {Arrieta, A.B. and others},
  year = {2022},
  title = {Explainable Artificial Intelligence (XAI): Concepts, taxonomies, opportunities and challenges toward responsible AI},
  journal = {Information Fusion},
  volume = {58},
  pages = {82-115}
}

@book{Armstrong2023,
  author = {Armstrong, T.},
  year = {2023},
  title = {Neurodiversity in the Classroom: Strength-Based Strategies to Help Students with Special Needs Succeed in School and Life},
  publisher = {ASCD}
}

@online{Atlassian2024,
  author = {{Atlassian}},
  year = {2024},
  title = {Jira Software Cloud Documentation},
  url = {https://support.atlassian.com/jira-software-cloud/},
  urldate = {2024-04-10}
}

@online{A29WP2018,
  author = {{Article 29 Working Party}},
  year = {2018},
  title = {Guidelines on consent under Regulation 2016/679},
  url = {https://ec.europa.eu/newsroom/article29/items/623051},
  urldate = {2024-04-10}
}

@online{Barocas2021,
  author = {Barocas, S. and Hardt, M. and Narayanan, A.},
  year = {2021},
  title = {Fairness and Machine Learning: Limitations and Opportunities},
  url = {https://fairmlbook.org/},
  urldate = {2024-04-10}
}

@online{BCS2024,
  author = {{British Computer Society}},
  year = {2024},
  title = {Code of Conduct for BCS Members},
  url = {https://www.bcs.org/membership-and-registrations/become-a-member/bcs-code-of-conduct/},
  urldate = {2024-04-10}
}

@online{BCS2024CodeOfConduct,
  author = {{BCS, The Chartered Institute for IT}},
  year = {2024},
  title = {BCS Code of Conduct},
  url = {https://www.bcs.org/media/2211/bcs-code-of-conduct.pdf},
  urldate = {2024-10-04}
}

@book{Beasley2023,
  author = {Beasley, M.},
  year = {2023},
  title = {Practical Web Analytics for User Experience: How Analytics Can Help You Understand Your Users},
  edition = {2},
  publisher = {Morgan Kaufmann}
}

@article{Bickmore2021,
  author = {Bickmore, T.W. and Trinh, H. and Olafsson, S. and O'Leary, T.K. and Asadi, R. and Rickles, N.M. and Cruz, R.},
  year = {2021},
  title = {Patient and consumer safety risks when using conversational assistants for medical information: an observational study of Siri, Alexa, and Google Assistant},
  journal = {Journal of Medical Internet Research},
  volume = {20},
  number = {9},
  pages = {e11510}
}

@book{Blundell2020,
  author = {Blundell, Boyd},
  year = {2020},
  title = {Computer Ethics and Professional Responsibility},
  publisher = {Oxford University Press},
  address = {Oxford, UK}
}

@book{Bradbury2024,
  author = {Bradbury, A.},
  year = {2024},
  title = {Successful Presentation Skills},
  edition = {6},
  publisher = {Kogan Page}
}

@online{Brignull2023,
  author = {Brignull, H.},
  year = {2023},
  title = {Dark Patterns: Inside the interfaces designed to trick you},
  url = {https://www.darkpatterns.org/},
  urldate = {2024-04-10}
}

@book{ChampeonFinck2024,
  author = {Champeon, S. and Finck, N.},
  year = {2024},
  title = {Inclusive Design Patterns: Coding Accessibility into Web Design},
  publisher = {Smashing Magazine}
}

@online{CIPD2024,
  author = {{Chartered Institute of Personnel and Development}},
  year = {2024},
  title = {Continuing Professional Development: Guidelines and Best Practices},
  url = {https://www.cipd.co.uk/knowledge/fundamentals/people/development/continuing-professional-development-factsheet},
  urldate = {2024-04-10},
  organization = {CIPD},
  address = {London, UK}
}

@online{DfE2024a,
  author = {{Department for Education}},
  year = {2024},
  title = {Keeping Children Safe in Education: Statutory guidance for schools and colleges},
  url = {https://www.gov.uk/government/publications/keeping-children-safe-in-education--2},
  urldate = {2024-04-10}
}

@online{DfE2024b,
  author = {{Department for Education}},
  year = {2024},
  title = {Special Educational Needs and Disability Code of Practice: 0 to 25 years},
  url = {https://www.gov.uk/government/publications/send-code-of-practice-0-to-25},
  urldate = {2024-04-10}
}

@book{Diener2024,
  author = {Diener, E. and Oishi, S. and Tay, L.},
  year = {2024},
  title = {Handbook of well-being research},
  edition = {2},
  publisher = {Noba Scholar}
}

@book{Dignum2023,
  author = {Dignum, V.},
  year = {2023},
  title = {Responsible Artificial Intelligence: How to Develop and Use AI in a Responsible Way},
  publisher = {Springer Nature},
  address = {Cham, Switzerland}
}

@book{Dillenbourg2023,
  author = {Dillenbourg, P.},
  year = {2023},
  title = {Artificial Intelligence in Education: Promises and Challenges},
  publisher = {Cambridge University Press},
  address = {Cambridge, UK}
}

@online{EC2024,
  author = {{European Commission}},
  year = {2024},
  title = {Ethics Guidelines for Trustworthy AI},
  url = {https://ec.europa.eu/digital-single-market/en/news/ethics-guidelines-trustworthy-ai},
  urldate = {2024-04-10}
}

@online{EDPB2023,
  author = {{European Data Protection Board}},
  year = {2023},
  title = {Guidelines on consent under Regulation 2016/679},
  url = {https://edpb.europa.eu/our-work-tools/our-documents/guidelines/guidelines-052020-consent-under-regulation-2016679_en},
  urldate = {2024-04-10}
}

@book{ElEmamArbuckle2023,
  author = {El Emam, K. and Arbuckle, L.},
  year = {2023},
  title = {Anonymizing Health Data: Case Studies and Methods to Get You Started},
  edition = {2},
  publisher = {O'Reilly Media}
}

@misc{EU2016,
  author = {{European Union}},
  year = {2016},
  title = {General Data Protection Regulation (GDPR)},
  url = {https://eur-lex.europa.eu/eli/reg/2016/679/oj},
  urldate = {2024-04-10}
}

@book{Feyerke2023,
  author = {Feyerke, A.},
  year = {2023},
  title = {Designing for Offline First},
  publisher = {A Book Apart}
}

@article{FloridiCowls2023,
  author = {Floridi, L. and Cowls, J.},
  year = {2023},
  title = {A Unified Framework of Five Principles for AI in Society},
  journal = {Harvard Data Science Review},
  volume = {1},
  number = {1}
}

@book{Frain2023,
  author = {Frain, B.},
  year = {2023},
  title = {Responsive Web Design with HTML5 and CSS: Develop future-proof responsive websites using the latest HTML5 and CSS techniques},
  edition = {4},
  publisher = {Packt Publishing}
}

@online{FTC2023,
  author = {{Federal Trade Commission}},
  year = {2023},
  title = {Children's Online Privacy Protection Rule: A Six-Step Compliance Plan for Your Business},
  url = {https://www.ftc.gov/tips-advice/business-center/guidance/childrens-online-privacy-protection-rule-six-step-compliance},
  urldate = {2024-04-10}
}

@book{Gao2023,
  author = {Gao, J. and Galley, M. and Li, L.},
  year = {2023},
  title = {Neural Approaches to Conversational AI: Question Answering, Task-Oriented Dialogues and Social Chatbots},
  publisher = {Now Publishers}
}

@book{Geron2024,
  author = {Géron, A.},
  year = {2024},
  title = {Hands-On Machine Learning with Scikit-Learn, Keras, and TensorFlow: Concepts, Tools, and Techniques to Build Intelligent Systems},
  edition = {3},
  publisher = {O'Reilly Media}
}

@book{Goodman2023,
  author = {Goodman, E. and Kuniavsky, M. and Moed, A.},
  year = {2023},
  title = {Observing the User Experience: A Practitioner's Guide to User Research},
  edition = {3},
  publisher = {Morgan Kaufmann}
}

@book{Grigorik2023,
  author = {Grigorik, I.},
  year = {2023},
  title = {High-Performance Browser Networking: What every web developer should know about networking and web performance},
  edition = {2},
  publisher = {O'Reilly Media}
}

@book{HarperYesilada2024,
  author = {Harper, S. and Yesilada, Y.},
  year = {2024},
  title = {Web Accessibility: A Foundation for Research},
  edition = {3},
  publisher = {Springer}
}

@book{Hartzog2023,
  author = {Hartzog, W.},
  year = {2023},
  title = {Privacy's Blueprint: The Battle to Control the Design of New Technologies},
  publisher = {Harvard University Press}
}

@online{Heick2023,
  author = {Heick, T.},
  year = {2023},
  title = {A Complete Guide To Student Data \& Privacy For Teachers},
  publisher = {TeachThought},
  url = {https://www.teachthought.com/technology/student-data-privacy-guide-for-teachers/},
  urldate = {2024-04-10}
}

@book{HoltzblattBeyer2024,
  author = {Holtzblatt, K. and Beyer, H.},
  year = {2024},
  title = {Contextual Design: Design for Life},
  edition = {3},
  publisher = {Morgan Kaufmann}
}

@book{HooberBerkman2023,
  author = {Hoober, S. and Berkman, E.},
  year = {2023},
  title = {Designing Mobile Interfaces: Patterns for Interaction Design},
  edition = {2},
  publisher = {O'Reilly Media}
}

@online{ICO2024,
  author = {{Information Commissioner's Office}},
  year = {2024},
  title = {Data protection guidance},
  url = {https://ico.org.uk/for-organisations/guide-to-data-protection/},
  urldate = {2024-04-10}
}

@online{IEEE2023,
  author = {{Institute of Electrical and Electronics Engineers}},
  year = {2023},
  title = {Ethically Aligned Design: A Vision for Prioritizing Human Well-being with Autonomous and Intelligent Systems},
  url = {https://standards.ieee.org/industry-connections/ec/autonomous-systems/},
  urldate = {2024-04-10}
}

@techreport{IEEE2024,
  author = {{Institute of Electrical and Electronics Engineers}},
  year = {2024},
  title = {IEEE Code of Ethics},
  institution = {IEEE},
  address = {New York, NY},
  type = {Professional Guidelines}
}

@online{IEEE2024CodeOfConduct,
  author = {{Institute of Electrical and Electronics Engineers}},
  year = {2024},
  title = {IEEE Code of Conduct},
  url = {https://www.ieee.org/content/dam/ieee-org/ieee/web/org/about/ieee_code_of_conduct.pdf},
  urldate = {2024-10-04}
}

@online{IEEEEthicsCert2024,
  author = {{IEEE Ethics Certification Program for Autonomous and Intelligent Systems}},
  year = {2024},
  title = {Certification criteria and process},
  url = {https://standards.ieee.org/industry-connections/ecpais/},
  urldate = {2024-04-10}
}

@online{IMSGlobal2024,
  author = {{IMS Global Learning Consortium}},
  year = {2024},
  title = {Learning Tools Interoperability (LTI) Standards},
  url = {https://www.imsglobal.org/activity/learning-tools-interoperability},
  urldate = {2024-04-10}
}

@techreport{ISO2022,
  author = {{International Organization for Standardization}},
  year = {2022},
  title = {ISO/IEC 27001:2022 Information security management systems — Requirements},
  institution = {ISO},
  address = {Geneva, Switzerland},
  type = {International Standard},
  number = {ISO/IEC 27001:2022}
}

@book{Josuttis2023,
  author = {Josuttis, N.M.},
  year = {2023},
  title = {Cloud Native Transformation: Practical Patterns for Innovation},
  publisher = {Addison-Wesley Professional}
}

@book{JurafskyMartin2024,
  author = {Jurafsky, D. and Martin, J.H.},
  year = {2024},
  title = {Speech and Language Processing: An Introduction to Natural Language Processing, Computational Linguistics, and Speech Recognition},
  edition = {3},
  publisher = {Prentice Hall},
  address = {Upper Saddle River, NJ}
}

@book{Kohavi2023,
  author = {Kohavi, R. and Tang, D. and Xu, Y.},
  year = {2023},
  title = {Trustworthy Online Controlled Experiments: A Practical Guide to A/B Testing},
  publisher = {Cambridge University Press}
}

@book{LemonPietquin2023,
  author = {Lemon, O. and Pietquin, O.},
  year = {2023},
  title = {Data-Driven Methods for Adaptive Spoken Dialogue Systems: Computational Learning for Conversational Interfaces},
  publisher = {Springer}
}

@book{Liu2023,
  author = {Liu, B.},
  year = {2023},
  title = {Sentiment Analysis: Mining Opinions, Sentiments, and Emotions},
  edition = {2},
  publisher = {Cambridge University Press}
}

@article{Mehrabi2023,
  author = {Mehrabi, N. and others},
  year = {2023},
  title = {A survey on bias and fairness in machine learning},
  journal = {ACM Computing Surveys},
  volume = {54},
  number = {6},
  pages = {1-35}
}

@article{Miner2022,
  author = {Miner, A.S. and others},
  year = {2022},
  title = {Key considerations for incorporating conversational AI in psychotherapy},
  journal = {Frontiers in Psychiatry},
  volume = {10},
  pages = {746}
}

@book{MooreArar2023,
  author = {Moore, R.J. and Arar, R.},
  year = {2023},
  title = {Conversational UX Design: A Practitioner's Guide to the Natural Conversation Framework},
  publisher = {ACM Books}
}

@online{NCSC2024,
  author = {{National Cyber Security Centre}},
  year = {2024},
  title = {Cyber security guidance for educational institutions},
  url = {https://www.ncsc.gov.uk/section/education-skills/cyber-security-schools},
  urldate = {2024-04-10}
}

@book{Norman2023,
  author = {Norman, D.},
  year = {2023},
  title = {Emotional Design: Why We Love (or Hate) Everyday Things},
  edition = {2},
  publisher = {Basic Books}
}

@online{OECD2023,
  author = {{Organisation for Economic Co-operation and Development}},
  year = {2023},
  title = {OECD Principles on Artificial Intelligence},
  url = {https://www.oecd.org/going-digital/ai/principles/},
  urldate = {2024-04-10}
}

@book{Podjarny2024,
  author = {Podjarny, G.},
  year = {2024},
  title = {Web Performance in Action: Building Faster Web Pages},
  edition = {2},
  publisher = {Manning Publications}
}

@article{Quarteroni2024,
  author = {Quarteroni, S. and others},
  year = {2024},
  title = {Chatbot Evaluation Metrics: State of the Art and Future Directions},
  journal = {Dialogue \& Discourse},
  volume = {12},
  number = {1},
  pages = {1-32}
}

@report{Sclater2023,
  author = {Sclater, N. and Peasgood, A. and Mullan, J.},
  year = {2023},
  title = {Learning Analytics in Higher Education: A review of UK and international practice},
  institution = {Jisc}
}

@book{SimonsenRobertson2023,
  author = {Simonsen, J. and Robertson, T.},
  year = {2023},
  title = {Routledge International Handbook of Participatory Design},
  edition = {2},
  publisher = {Routledge}
}

@book{Stallings2023,
  author = {Stallings, W.},
  year = {2023},
  title = {Cryptography and Network Security: Principles and Practice},
  edition = {8},
  publisher = {Pearson}
}

@book{StallingsBrown2024,
  author = {Stallings, W. and Brown, L.},
  year = {2024},
  title = {Computer Security: Principles and Practice},
  edition = {5},
  publisher = {Pearson}
}

@book{StuttardPinto2023,
  author = {Stuttard, D. and Pinto, M.},
  year = {2023},
  title = {The Web Application Hacker's Handbook: Finding and Exploiting Security Flaws},
  edition = {3},
  publisher = {Wiley}
}

@book{TullisAlbert2024,
  author = {Tullis, T. and Albert, B.},
  year = {2024},
  title = {Measuring the User Experience: Collecting, Analyzing, and Presenting Usability Metrics},
  edition = {3},
  publisher = {Morgan Kaufmann}
}

@misc{UKGov2008,
  author = {{UK Government}},
  year = {2008},
  title = {Education and Skills Act 2008},
  url = {https://www.legislation.gov.uk/ukpga/2008/25/contents},
  urldate = {2024-04-10}
}

@misc{UKGov2018,
  author = {{UK Government}},
  year = {2018},
  title = {Data Protection Act 2018},
  url = {https://www.legislation.gov.uk/ukpga/2018/12/contents/enacted},
  urldate = {2024-04-10}
}

@online{UNESCO2021,
  author = {{UNESCO}},
  year = {2021},
  title = {Recommendation on the Ethics of Artificial Intelligence},
  url = {https://en.unesco.org/artificial-intelligence/ethics},
  urldate = {2024-04-10}
}

@online{UNESCO2023,
  author = {{United Nations Educational, Scientific and Cultural Organization}},
  year = {2023},
  title = {Recommendation on the Ethics of Artificial Intelligence},
  url = {https://en.unesco.org/artificial-intelligence/ethics},
  urldate = {2024-04-10}
}

@book{Vadapalli2023,
  author = {Vadapalli, S.},
  year = {2023},
  title = {DevOps and Site Reliability Engineering (SRE) Handbook: Guide to Site Reliability Engineering and DevOps Practices},
  publisher = {Packt Publishing}
}

@book{Vaughan2024,
  author = {Vaughan, J.W.},
  year = {2024},
  title = {Human-in-the-Loop Machine Learning: Active learning and annotation for human-centered AI},
  publisher = {Manning Publications}
}

@online{W3C2023,
  author = {{World Wide Web Consortium}},
  year = {2023},
  title = {Web Content Accessibility Guidelines (WCAG) 2.2},
  url = {https://www.w3.org/TR/WCAG22/},
  urldate = {2024-04-10}
}

@online{WebAIM2024,
  author = {{WebAIM}},
  year = {2024},
  title = {Web Accessibility In Mind: Screen Reader User Survey Results},
  url = {https://webaim.org/projects/screenreadersurvey9/},
  urldate = {2024-04-10}
}

@book{Williams2024,
  author = {Williams, J.},
  year = {2024},
  title = {Stand Out of Our Light: Freedom and Resistance in the Attention Economy},
  publisher = {Cambridge University Press}
}

@inproceedings{Yesilada2023,
  author = {Yesilada, Y. and Brajnik, G. and Harper, S.},
  year = {2023},
  title = {How much does web accessibility cost?},
  booktitle = {Proceedings of the 20th International Conference on World Wide Web},
  pages = {1-10}
}
